@misc{cplusplus,
    author = "The C++ Resources Network",
    title  = "cplusplus.com",
    year   = "2013",
    url = "http://www.cplusplus.com"
}
