@misc{cplusplus,
    author = "The C++ Resources Network",
    title  = "cplusplus.com",
    year   = "2013",
    url = "http://www.cplusplus.com"
}

@misc{acmsoutheastregional2013,
	author = "ACM Southeast Regional",
    title  = "ACM Southeast Regional 2013",
    year   = "2013",
    url = "https://ser.cs.fit.edu/ser2013/problems/division_1/"
}
